<?xml version="1.0" encoding="UTF-8"?><collection xmlns="http://www.loc.gov/MARC21/slim"><record><leader>00528nam--2200169-i-4500</leader><controlfield tag="001">000006426</controlfield><controlfield tag="002">20161230</controlfield><controlfield tag="005">20170121211548</controlfield><controlfield tag="008">060222s1000------------r-----000-0-eng-d</controlfield><datafield ind1=" " ind2=" " tag="080"><subfield code="a">621.039.1</subfield></datafield><datafield ind1=" " ind2=" " tag="100"><subfield code="a">Ban, Z</subfield></datafield><datafield ind1=" " ind2=" " tag="245"><subfield code="a">New phassse in the system uranium-molybdenum silicon. Int. Symposium on new nuclear materials technology, including non-metallic fuel elements, July-July 5, 1963</subfield></datafield><datafield ind1=" " ind2=" " tag="260"><subfield code="a">Zagreb</subfield><subfield code="b">Ruber Boskovic</subfield><subfield code="c">1963</subfield></datafield><datafield ind1=" " ind2=" " tag="300"><subfield code="a">7 p</subfield></datafield><datafield ind1=" " ind2=" " tag="700"><subfield code="a">Sikirica, M</subfield></datafield><datafield ind1=" " ind2=" " tag="852"><subfield code="a">8923</subfield></datafield><datafield ind1=" " ind2=" " tag="CAT"><subfield code="a">SYS</subfield><subfield code="c">20170121</subfield><subfield code="h">211548</subfield></datafield></record></collection>